% Encoding: UTF-8

@Article{horn1981determining,
  author    = {Horn, Berthold KP and Schunck, Brian G},
  title     = {Determining optical flow},
  journal   = {Artificial intelligence},
  year      = {1981},
  volume    = {17},
  number    = {1-3},
  pages     = {185--203},
  publisher = {Elsevier},
}

@InProceedings{roggen2010collecting,
  author       = {Roggen, Daniel and Calatroni, Alberto and Rossi, Mirco and Holleczek, Thomas and F{\"o}rster, Kilian and Tr{\"o}ster, Gerhard and Lukowicz, Paul and Bannach, David and Pirkl, Gerald and Ferscha, Alois and others},
  title        = {Collecting complex activity datasets in highly rich networked sensor environments},
  booktitle    = {Networked Sensing Systems (INSS), 2010 Seventh International Conference on},
  year         = {2010},
  pages        = {233--240},
  organization = {IEEE},
}

@Article{borgefors1988hierarchical,
  author    = {Borgefors, Gunilla},
  title     = {Hierarchical chamfer matching: A parametric edge matching algorithm},
  journal   = {IEEE Transactions on pattern analysis and machine intelligence},
  year      = {1988},
  volume    = {10},
  number    = {6},
  pages     = {849--865},
  publisher = {IEEE},
}

@Book{burger2016digital,
  title     = {Digital image processing: an algorithmic introduction using Java},
  publisher = {Springer},
  year      = {2016},
  author    = {Burger, Wilhelm and Burge, Mark J},
}

@Comment{jabref-meta: databaseType:bibtex;}
